@article{alpizar2009tamano,
  title={Tama{\~n}o de la muestra en investigaci{\'o}n cl{\'\i}nica},
  author={Alp{\'\i}zar, Carlomagno Araya and Villard{\'o}n, Mar{\'\i}a Purificaci{\'o}n Galindo},
  journal={Medicina cl{\'\i}nica},
  volume={133},
  number={1},
  pages={26--30},
  year={2009},
  publisher={Elsevier},
  doi = {10.1016/j.medcli.2008.10.048}
}

@article{lauren1994,
	title={Using cigarette data for an introduction to multiple regression},
	author={Lauren, McIntyre},
	journal={Journal of Statistics Education},
	volume={2},
	number={1},
	year={1994},
	publisher={Taylor \& Francis}
}

@book{mendenhallsincich,
	title={Statistics for Engineering and the Sciences},
	author={Mendenhall, William and Sincich, Terry},
	year={1992},
	publisher={Dellen Publishing Co.},
	edition={3rd}
}

@book{wickham2016,
  title={R for data science: import, tidy, transform, visualize, and model data},
  author={Wickham, Hadley and Grolemund, Garrett},
  year={2016},
  publisher={" O'Reilly Media, Inc."}
}

@article{muenchen2019,
  title={The popularity of data analysis software},
  author={Muenchen, Robert A},
  journal={URL http://r4stats.com/articles/popularity/},
  year={2019}
}