@article{Spearman1904,
 ISSN = {00029556},
 URL = {http://www.jstor.org/stable/1412107},
 author = {C. Spearman},
 journal = {The American Journal of Psychology},
 number = {2},
 pages = {201--292},
 publisher = {University of Illinois Press},
 title = {"General Intelligence," Objectively Determined and Measured},
 volume = {15},
 year = {1904}
}

@article{pearson1901,
  title={Principal components analysis},
  author={Pearson, Karl},
  journal={The London, Edinburgh, and Dublin Philosophical Magazine and Journal of Science},
  volume={6},
  number={2},
  pages={559},
  year={1901}
}

@article{hotelling1933,
  title={Analysis of a complex of statistical variables into principal components.},
  author={Hotelling, Harold},
  journal={Journal of educational psychology},
  volume={24},
  number={6},
  pages={417},
  year={1933},
  publisher={Warwick \& York}
}

@article{hotelling1936,
title = {Simplified calculation of principal components},
author = {Hotelling, Harold},
year = {1936},
journal = {Psychometrika},
volume = {1},
number = {1},
pages = {27-35},
url = {https://EconPapers.repec.org/RePEc:spr:psycho:v:1:y:1936:i:1:p:27-35}
}

@article{thurstone1947,
  title={Multiple factor analysis, Chicago, IL: University of Chicago Press},
  author={Thurstone, Louis L},
  year={1947}
}

@article{kaiser1958,
  title={The varimax criterion for analytic rotation in factor analysis},
  author={Kaiser, Henry F},
  journal={Psychometrika},
  volume={23},
  number={3},
  pages={187--200},
  year={1958},
  publisher={Springer}
}

@article{neuhaus1954quartimax,
  title={THE QUARTIMAX METHOD: AN ANALYTIC APPROACH TO ORTHOGONAL SIMPLE STRUCTURE 1},
  author={Neuhaus, Jack O and Wrigley, Charles},
  journal={British Journal of Statistical Psychology},
  volume={7},
  number={2},
  pages={81--91},
  year={1954},
  publisher={Wiley Online Library}
}

@Article{Kaiser1974,
author="Kaiser, Henry F.",
title="An index of factorial simplicity",
journal="Psychometrika",
year="1974",
month="Mar",
day="01",
volume="39",
number="1",
pages="31--36",
abstract="An index of factorial simplicity, employing the quartimax transformational criteria of Carroll, Wrigley and Neuhaus, and Saunders, is developed. This index is both for each row separately and for a factor pattern matrix as a whole. The index varies between zero and one. The problem of calibrating the index is discussed.",
issn="1860-0980",
doi="10.1007/BF02291575",
url="https://doi.org/10.1007/BF02291575"
}