% KTensorGraph
@Manual{Rodriguez2019,
    title = {KTensorGraphs: Co-Tucker3 Analysis of Two Sequences of Matrices},
    author = {Miguel Rodriguez-Rosa},
    year = {2019},
    note = {R package version 0.2},
    url = {https://CRAN.R-project.org/package=KTensorGraphs},
  }

@article{thioulouse2004,
  title={Simultaneous analysis of a sequence of paired ecological tables},
  author={Thioulouse, Jean and Simier, Monique and Chessel, Daniel},
  journal={Ecology},
  volume={85},
  number={1},
  pages={272--283},
  year={2004},
  publisher={Wiley Online Library}
}

@article{rodriguez2018,
  title={Spatio-temporal analysis of economic, social, and environmental issues in the framework of sustainable development in worldwide countries},
  author={Rodr{\'\i}guez-Rosa, Miguel and Gallego-{\'A}lvarez, Isabel and Galindo-Villard{\'o}n, M{\textordfeminine} Purificaci{\'o}n},
  journal={Sustainable Development},
  volume={27},
  number={3},
  pages={429--447},
  year={2018},
  publisher={Wiley Online Library}
}

% -------------------------------------------------------------------------
% Métodos


% between-group co-inertia analysis (BGCOIA, [11]),

% STATICO method (‘STATIS and CO-inertia’, [32,41])

% COSTATIS (‘CO-inertia and STATIS’, [38])

% TUCKER0


% TUCKER1


% TUCKER2


% TUCKER3


% STATIS


% STATIS DUAL



% X-STATIS



% STATICO



% COSTATIS



% DISTATIS



% CANOSTATIS



% COVSTATIS



% STATIS 



% t + 1 STATIS



% POWER STATIS



% DO-ACT
